@article{bouchard2010explication,
  title={Une explication cognitive des effets attribu{\'e}s {\`a} la c-commande dans les contraintes sur la cor{\'e}f{\'e}rence},
  author={Bouchard, Denis},
  journal={Corela. Cognition, repr{\'e}sentation, langage},
  number={HS-7},
  year={2010},
  publisher={Universit{\'e} de Poitiers}
}

@book{wasow1979anaphora,
  title={Anaphora in generative grammar},
  author={Wasow, Thomas},
  volume={2},
  year={1979},
  publisher={John Benjamins Publishing}
}

@Misc{github,
howpublished = {\url{https://github.com/ychalier/coref/}},
note = {Accessed: 2018-06-21}
}

@Misc{nltk,
title = {Natural Language Toolkit},
howpublished = {\url{http://www.nltk.org}},
note = {Accessed: 2018-06-21}
}

@Misc{mueller2008derivation,
author = {Müller, Gereon},
title = {\textit{Phrase Structure and Derivations}, {Institut für Linguistik, Universität Leipzig}},
howpublished = {\url{http://home.uni-leipzig.de/muellerg/mu314.pdf}},
year = {2008},
note = {Accessed: 2018-06-22}
}

